%YAML 1.1
%TAG !u! tag:unity3d.com,2011:
--- !u!1 &107082
GameObject:
  m_ObjectHideFlags: 0
  m_PrefabParentObject: {fileID: 0}
  m_PrefabInternal: {fileID: 100100000}
  serializedVersion: 4
  m_Component:
  - 4: {fileID: 485912}
  - 114: {fileID: 11410748}
  - 114: {fileID: 11457992}
  - 114: {fileID: 114000010341315620}
  m_Layer: 0
  m_Name: Player
  m_TagString: Untagged
  m_Icon: {fileID: 0}
  m_NavMeshLayer: 0
  m_StaticEditorFlags: 0
  m_IsActive: 1
--- !u!4 &485912
Transform:
  m_ObjectHideFlags: 1
  m_PrefabParentObject: {fileID: 0}
  m_PrefabInternal: {fileID: 100100000}
  m_GameObject: {fileID: 107082}
  m_LocalRotation: {x: 0, y: 0, z: 0, w: 1}
  m_LocalPosition: {x: 0, y: 0, z: 0}
  m_LocalScale: {x: 1, y: 1, z: 1}
  m_Children: []
  m_Father: {fileID: 0}
  m_RootOrder: 0
--- !u!114 &11410748
MonoBehaviour:
  m_ObjectHideFlags: 1
  m_PrefabParentObject: {fileID: 0}
  m_PrefabInternal: {fileID: 100100000}
  m_GameObject: {fileID: 107082}
  m_Enabled: 1
  m_EditorHideFlags: 0
  m_Script: {fileID: 372142912, guid: 870353891bb340e2b2a9c8707e7419ba, type: 3}
  m_Name: 
  m_EditorClassIdentifier: 
  m_SceneId:
    m_Value: 0
  m_AssetId:
    i0: 147
    i1: 176
    i2: 190
    i3: 84
    i4: 90
    i5: 130
    i6: 83
    i7: 68
    i8: 248
    i9: 135
    i10: 179
    i11: 63
    i12: 214
    i13: 152
    i14: 201
    i15: 170
  m_ServerOnly: 0
  m_LocalPlayerAuthority: 1
--- !u!114 &11457992
MonoBehaviour:
  m_ObjectHideFlags: 1
  m_PrefabParentObject: {fileID: 0}
  m_PrefabInternal: {fileID: 100100000}
  m_GameObject: {fileID: 107082}
  m_Enabled: 1
  m_EditorHideFlags: 0
  m_Script: {fileID: 11500000, guid: 78c17276b569e7448a339d03f894c3bb, type: 3}
  m_Name: 
  m_EditorClassIdentifier: 
--- !u!1001 &100100000
Prefab:
  m_ObjectHideFlags: 1
  serializedVersion: 2
  m_Modification:
    m_TransformParent: {fileID: 0}
    m_Modifications:
    - target: {fileID: 0}
      propertyPath: m_InterpolateRotation
      value: 0
      objectReference: {fileID: 0}
    - target: {fileID: 0}
      propertyPath: m_InterpolateMovement
      value: 0
      objectReference: {fileID: 0}
    - target: {fileID: 0}
      propertyPath: m_SendInterval
      value: .111111112
      objectReference: {fileID: 0}
    - target: {fileID: 0}
      propertyPath: networkIdentity
      value: 
      objectReference: {fileID: 11410748}
    - target: {fileID: 0}
      propertyPath: m_LocalPlayerAuthority
      value: 1
      objectReference: {fileID: 0}
    - target: {fileID: 0}
      propertyPath: m_ServerOnly
      value: 0
      objectReference: {fileID: 0}
    m_RemovedComponents: []
  m_ParentPrefab: {fileID: 0}
  m_RootGameObject: {fileID: 107082}
  m_IsPrefabParent: 1
--- !u!114 &114000010341315620
MonoBehaviour:
  m_ObjectHideFlags: 1
  m_PrefabParentObject: {fileID: 0}
  m_PrefabInternal: {fileID: 100100000}
  m_GameObject: {fileID: 107082}
  m_Enabled: 1
  m_EditorHideFlags: 0
  m_Script: {fileID: 11500000, guid: b69983c4df5f3cd4c86956fdee8ac24e, type: 3}
  m_Name: 
  m_EditorClassIdentifier: 
  playerName: 
  isReady: 0
  connectionID: 0
  networkIdentity: {fileID: 11410748}
