%YAML 1.1
%TAG !u! tag:unity3d.com,2011:
--- !u!1 &144700
GameObject:
  m_ObjectHideFlags: 0
  m_PrefabParentObject: {fileID: 0}
  m_PrefabInternal: {fileID: 100100000}
  serializedVersion: 4
  m_Component:
  - 4: {fileID: 477920}
  - 114: {fileID: 11475938}
  - 114: {fileID: 11485208}
  - 114: {fileID: 114000010691936674}
  m_Layer: 0
  m_Name: ServerSettings
  m_TagString: Untagged
  m_Icon: {fileID: 0}
  m_NavMeshLayer: 0
  m_StaticEditorFlags: 0
  m_IsActive: 1
--- !u!4 &477920
Transform:
  m_ObjectHideFlags: 1
  m_PrefabParentObject: {fileID: 0}
  m_PrefabInternal: {fileID: 100100000}
  m_GameObject: {fileID: 144700}
  m_LocalRotation: {x: 0, y: 0, z: 0, w: 1}
  m_LocalPosition: {x: 386.56152, y: 1.8660107, z: 544.71106}
  m_LocalScale: {x: 1, y: 1, z: 1}
  m_Children: []
  m_Father: {fileID: 0}
  m_RootOrder: 0
--- !u!114 &11475938
MonoBehaviour:
  m_ObjectHideFlags: 1
  m_PrefabParentObject: {fileID: 0}
  m_PrefabInternal: {fileID: 100100000}
  m_GameObject: {fileID: 144700}
  m_Enabled: 1
  m_EditorHideFlags: 0
  m_Script: {fileID: 372142912, guid: 870353891bb340e2b2a9c8707e7419ba, type: 3}
  m_Name: 
  m_EditorClassIdentifier: 
  m_SceneId:
    m_Value: 0
  m_AssetId:
    i0: 181
    i1: 227
    i2: 94
    i3: 225
    i4: 203
    i5: 234
    i6: 56
    i7: 4
    i8: 187
    i9: 133
    i10: 54
    i11: 205
    i12: 55
    i13: 242
    i14: 51
    i15: 190
  m_ServerOnly: 0
  m_LocalPlayerAuthority: 0
--- !u!114 &11485208
MonoBehaviour:
  m_ObjectHideFlags: 1
  m_PrefabParentObject: {fileID: 0}
  m_PrefabInternal: {fileID: 100100000}
  m_GameObject: {fileID: 144700}
  m_Enabled: 1
  m_EditorHideFlags: 0
  m_Script: {fileID: 11500000, guid: 78c17276b569e7448a339d03f894c3bb, type: 3}
  m_Name: 
  m_EditorClassIdentifier: 
--- !u!1001 &100100000
Prefab:
  m_ObjectHideFlags: 1
  serializedVersion: 2
  m_Modification:
    m_TransformParent: {fileID: 0}
    m_Modifications: []
    m_RemovedComponents: []
  m_ParentPrefab: {fileID: 0}
  m_RootGameObject: {fileID: 144700}
  m_IsPrefabParent: 1
--- !u!114 &114000010691936674
MonoBehaviour:
  m_ObjectHideFlags: 1
  m_PrefabParentObject: {fileID: 0}
  m_PrefabInternal: {fileID: 100100000}
  m_GameObject: {fileID: 144700}
  m_Enabled: 1
  m_EditorHideFlags: 0
  m_Script: {fileID: 11500000, guid: 82478d9766110414a9f0ea299b7ffb98, type: 3}
  m_Name: 
  m_EditorClassIdentifier: 
  serverName: 
  serverDescription: 
  serverSize: 0
  serverPassword: 
  serverPort: 0
  isDedicated: 0
  useMatchmaker: 1
  serverTickRate: 0
  serverSendRate: 0
